<record><leader>00000cas a22000007a 4500</leader><controlfield tag="001">11742142</controlfield><controlfield tag="008">850227d18771878wiuwr ne      0    0eng d</controlfield><datafield ind1=" " ind2=" " tag="010"><subfield code="a">sn 85040189 </subfield></datafield><datafield ind1=" " ind2=" " tag="040"><subfield code="a">NPV</subfield><subfield code="b">eng</subfield><subfield code="c">NPV</subfield><subfield code="d">OCLCQ</subfield></datafield><datafield ind1=" " ind2=" " tag="042"><subfield code="a">msc</subfield></datafield><datafield ind1=" " ind2=" " tag="043"><subfield code="a">n-us-wi</subfield></datafield><datafield ind1=" " ind2=" " tag="045"><subfield code="a">w7w7</subfield></datafield><datafield ind1=" " ind2=" " tag="052"><subfield code="a">4123</subfield><subfield code="b">D7</subfield></datafield><datafield ind1="0" ind2=" " tag="130"><subfield code="a">Superior gazette (Superior, Wis. : 1877)</subfield></datafield><datafield ind1="1" ind2="0" tag="245"><subfield code="a">Superior gazette.</subfield></datafield><datafield ind1=" " ind2=" " tag="260"><subfield code="a">Superior, Wis. :</subfield><subfield code="b">R. Relf,</subfield><subfield code="c">1877-</subfield></datafield><datafield ind1=" " ind2=" " tag="300"><subfield code="a">v.</subfield></datafield><datafield ind1=" " ind2=" " tag="310"><subfield code="a">Weekly</subfield></datafield><datafield ind1="0" ind2=" " tag="362"><subfield code="a">Vol. 7, no. 1 (Feb. 23, 1877)-</subfield></datafield><datafield ind1="1" ind2=" " tag="362"><subfield code="a">Ceased in 1878?</subfield><subfield code="z">Cf. Oehlerts, d. Guide to Wis. newspapers.</subfield></datafield><datafield ind1=" " ind2=" " tag="530"><subfield code="a">Available on microfilm from The State Historical Society of Wisconsin.</subfield></datafield><datafield ind1=" " ind2=" " tag="752"><subfield code="a">United States</subfield><subfield code="b">Wisconsin</subfield><subfield code="c">Douglas</subfield><subfield code="d">Superior.</subfield></datafield></record>